3060 4836
460 385 530 462 ‚aa
578 369 658 456 uu
682 378 891 457 oraru
915 357 1250 456 moaruoie.

456 480 578 581 aurinia
598 504 666 597 qui
691 526 779 576 voce
803 502 992 577 includitur
1019 476 1339 587 Mundi'subiuteli

457 597 535 672 leoli
561 598 843 695 praeexistentia,
868 600 1024 671 interitus
1051 597 1088 670 dt
1111 593 1337 683 renascentia,

453 696 575 767 eodem
600 695 670 768 fere
685 697 790 769 modo
805 694 933 769 dicitur
948 695 966 768 a
983 692 1098 768 santio
1108 695 1212 766 Petro
1227 691 1263 764 in
1278 688 1339 781 sua

308 773 376 833 Ml·
388 789 414 850 3·
454 788 638 864 Concione
650 792 864 887 adJudaeoa‚
889 799 1111 870 inurbanae,
1125 788 1282 882 restitutio
1296 787 1344 860 ad

306 869 352 911 ²¹⁴
446 889 572 980 staram
585 890 774 983 priimum,
804 892 840 962 &
856 886 1039 983 utrobique
1057 909 1122 985 pro
1148 884 1207 958 suo
1224 881 1340 957 indice

457 984 495 1057 dt
522 984 714 1058 charadlere
739 985 872 1078 habet,
912 1001 1032 1077 tempus
1062 983 1341 1072 remunerationis,

231 1173 234 1177 ⁵
460 1080 606 1178 ideoque
635 1082 798 1156 saeculum
830 1082 998 1156 futurum.
1042 1077 1185 1157 Sanetus
1216 1075 1341 1149 Paulus

309 1159 402 1221 Μ·
418 1154 446 1215 ⁸·
462 1178 551 1250 hanc
571 1179 696 1253 Mundi
718 1180 867 1253 futuram
885 1177 1142 1251 renovationem
1158 1171 1277 1247 multis
1302 1174 1341 1245 in

310 1251 411 1295 ²⁰'²¹'
461 1272 547 1347 locis
564 1272 772 1350 subindicat:
801 1272 937 1372 primo,
961 1275 1161 1348 hodiernam
1184 1288 1341 1342 naturam

462 1373 602 1444 vanitati
620 1369 801 1467 suliiedlam
817 1372 882 1444 elle
896 1373 1022 1457 docet,
1045 1396 1085 1444 ac
1102 1368 1282 1442 liberatum
1300 1365 1343 1439 iri

461 1465 482 1537 d
503 1466 661 1537 l'erviture
676 1470 713 1540 dc
730 1465 1065 1560 corruptione,clrm
1084 1465 1147 1538 lilii
1163 1464 1232 1538 Dei
1248 1460 1342 1535 suam

463 1563 634 1656 accipient
650 1562 840 1633 libertatem
863 1562 1059 1658 &gloriam
1079 1587 1087 1632 τ
1115 1563 1210 1634 hune
1226 1577 1343 1633 autem

464 1655 655 1728 sermonem
685 1654 846 1747 Apostoli
868 1656 912 1728 de
945 1657 1084 1729 Mundo
1114 1656 1257 1729 naturali
1282 1679 1346 1728 ex·

352 1770 407 1826 nr·
464 1753 660 1848 plicandum
677 1753 764 1847 elle,
787 1750 1043 1848 satis‚opinor,
1058 1750 1139 1823 alibi
1157 1748 1342 1845 probatum

317 1843 420 1951 2¹¹2(st
463 1846 525 1920 est.
572 1850 761 1946 Denique,
794 1854 983 1928 cluainerena
996 1852 1039 1918 eit
1054 1849 1211 1924 με’λλυω»
1239 1847 1345 1918 orbem

316 1920 441 2067 {2¹¹⁰ka
465 1944 673 2019 habitabilem
686 1955 858 2034 laturum,
883 1938 1007 2039 nempe
1030 1934 1115 2013 clim
1139 1940 1345 2034 praeterierit

409 2039 416 2053 ’
445 2036 607 2136 'huiulee
629 2043 757 2125 Mundi
781 2039 942 2131 schema,
975 2055 1228 2110 commemorat
1251 2037 1343 2113 idem

466 2140 676 2233 Apostolus,
703 2137 934 2233 Christoque,
957 2155 999 2208 ut
1014 2137 1156 2232 proprio
1172 2133 1347 2231 Domino,

466 2234 629 2330 subiicit,
657 2238 767 2309 Hebr.
783 2256 818 2307 2.
836 2257 870 2331 5.
905 2258 919 2306 1
949 2231 1035 2303 Cor.
1058 2255 1093 2324 7.
1122 2252 1181 2328 31.
1226 2231 1345 2305 Caete·

332 2394 338 2405 .
437 2360 444 2371 ·
466 2359 544 2407 rum
563 2335 614 2406 liis
630 2333 790 2406 ominbus
807 2329 919 2422 multo
939 2328 1061 2401 clarior
1075 2330 1112 2404 ἃ
1130 2329 1280 2424 apertior
1289 2324 1347 2401 'est

470 2430 581 2504 sermo
606 2428 707 2502 lanffl
733 2428 848 2519 Petri,
874 2427 911 2498 in
935 2424 1081 2498 secundi
1105 2424 1163 2499 sud
1190 2424 1347 2521 Epistola

468 2525 676 2612 Catholici,
700 2526 814 2620 capite
829 2523 953 2609 tertio,
980 2520 1040 2594 ubi
1066 2522 1155 2594 hane
1172 2524 1347 2596 materiam

469 2620 594 2694 eradiat
610 2621 833 2713 distinete&
851 2643 923 2692 non
941 2613 1076 2692 tantum
1101 2642 1209 2692 novos
1225 2619 1348 2694 Coelos

468 2720 507 2791 ὃ(
524 2742 648 2790 novam
673 2718 840 2811 Terram,
864 2714 979 2789 futura
1002 2715 1132 2808 allerit,
1164 2714 1219 2788 sed
1244 2720 1346 2788 etiam

471 2814 543 2886 duo
575 2814 803 2910 praecedentia
843 2804 1132 2899 commemorat,
1169 2813 1207 2883 dt
1229 2812 1348 2884 dillin-

503 2913 552 2982 uit
571 2913 605 2983 in
632 2911 880 2983 antediluviana
904 2910 940 2982 &
957 2909 1133 2981 hodierna.
1179 2905 1247 2980 Sed
1263 2902 1346 2982 clim

473 2936 533 3081 iic
549 3007 644 3081 locus
660 3006 762 3080 saneti
780 3009 871 3080 Petri
889 3006 974 3079 mihi
992 3006 1146 3077 videatur
1169 3001 1348 3101 irrefraga-

471 3104 583 3197 bilis,
618 3124 743 3201 praeter
762 3129 801 3176 ea
821 3126 901 3199 quae
932 3101 1039 3198 presse
1061 3100 1210 3173 diximus
1234 3124 1350 3196 operae

361 3204 376 3235 ⁶
473 3203 711 3303 precium-crit
726 3202 758 3272 ei
775 3198 940 3297 paulisper
957 3198 1144 3270 immorari.

523 3298 617 3388 Qua:
633 3296 815 3371 dictasunt
831 3295 850 3366 i
866 3296 1047 3464 Prophetis
1063 3292 1105 3365 de
1121 3292 1348 3369 novis·,Coelis

476 3392 514 3463 dt
529 3396 620 3463 nova
644 3394 777 3485 Tereia,
801 3394 903 3490 hujus
938 3393 1100 3465 ementire
1125 3384 1297 3464 adversarii
1315 3391 1351 3467 in

475 3487 652 3586 allegorias
668 3511 901 3571 convertunt,
925 3511 1026 3582 atque
1052 3491 1099 3560 ira
1120 3487 1352 3583 qualitercun-

453 3592 544 3675 ¹que
562 3585 722 3657 cludunt:
749 3585 801 3656 led
818 3584 930 3659 didius
949 3584 1059 3659 sermo
1074 3583 1177 3660 saneti
1198 3586 1291 3658 Petri
1307 3582 1351 3654 de

453 3700 458 3707 ·
477 3680 594 3754 iisdem
612 3681 722 3754 Coelis
738 3682 773 3754 &
788 3682 903 3755 Terrl.
919 3684 1034 3774 novis,
1045 3683 1138 3754 atilli
1157 3681 1189 3753 vi
1205 3700 1263 3751 aut
1279 3699 1351 3750 arte

479 3778 515 3848 in
531 3776 705 3874 allegorias
722 3778 840 3851 resolvi
858 3778 991 3871 potest,
1016 3798 1073 3851 aut
1096 3777 1115 3850 a
1139 3775 1232 3849 saise
1257 3775 1352 3846 litte·

478 3874 537 3946 rali
555 3873 749 3967 detorqueri
773 3902 782 3949 τ
819 3876 868 3947 est
884 3877 1087 3971 explicitus,
1111 3869 1353 3957 ordinatus,&

434 4002 437 4015 ’
476 3971 557 4057 dati
571 3972 676 4075 operi
688 3972 863 4048 institutus
878 3973 918 4051 ad
936 3971 1148 4077 probandum
1165 3988 1277 4045 retum
1295 3992 1355 4041 na·

1242 4084 1355 4147 lusam
