3056 4864
289 410 372 490 an
396 413 523 493 vm.
550 413 821 497 curares.
844 420 891 498 Α.
914 422 956 503 n.
1002 440 1069 531 273

188 536 408 612 criminatum
424 528 552 629 esse,le
578 534 686 628 imur,
713 540 835 616 nullibi
858 538 941 618 verb
958 544 1072 619 sabba·-
1116 549 1121 553 ’

188 630 527 707 tizillezrefetuntur
542 560 581 708 ἓ
595 634 853 735 distinguuntur
867 641 903 714 in
919 640 1073 719 Historih

185 728 357 821 Noachi‚
379 728 471 822 dier,
494 729 646 826 menses,
668 735 768 829 anni,
793 752 970 835 tempora,
996 739 1074 810 nub

114 836 116 839 ’
187 825 221 899 la
244 823 415 900 sabbatha.
463 824 629 925 Denique
659 832 749 904 inter
773 829 895 907 scelera
933 832 972 906 &
1004 833 1071 907 imi

144 960 146 963 v
188 924 334 1021 pietaten
367 923 498 997 Mundi
529 923 771 999 antediluviani
803 952 876 1001 non
897 944 1069 1002 memorre

189 1039 247 1092 tur
278 1017 432 1094 sabbathi
463 1019 633 1095 violatio:
660 1021 699 1099 ὃῑ
729 1045 896 1098 renovato
930 1025 1070 1099 Mundo

189 1114 269 1214 post
283 1116 492 1206 Diluvium,
513 1114 552 1190 ὃ(
573 1118 721 1216 repetiti
734 1118 805 1190 Dei
829 1119 1070 1196 benedislione

190 1209 335 1381 piliastin
354 1213 528 1312 principio
552 1233 686 1309 rerum,
709 1212 816 1289 altum
841 1216 884 1291 de
902 1215 1068 1292 sabbatho

104 1332 107 1343 ·
231 1328 373 1383 entium.

237 1405 294 1478 Ad
311 1406 545 1501 Abrahamum
562 1400 655 1506 quod
671 1400 822 1502 attinet,
853 1425 932 1485 eum
948 1407 1070 1509 saepitn

188 1502 359 1577 invnczisse
385 1502 648 1579 suumNumen
671 1507 708 1580 &
724 1530 853 1579 nomen
872 1507 939 1581 Dei
956 1537 969 1594 ς
996 1528 1068 1580 arar

187 1597 305 1673 multis
327 1602 363 1672 in
385 1600 471 1674 locis
494 1599 677 1686 struxisse;
702 1601 851 1675 deciman
873 1601 1068 1700 pependisse

187 1690 500 1784 Melchisedecho3
527 1695 767 1771 circumcisum
791 1697 913 1785 fuisse,
939 1696 1075 1773 sactifi·.

187 1792 240 1863 cia
259 1816 328 1865 non
344 1792 480 1866 tantirm
499 1794 687 1881 consueta,
712 1791 767 1866 sed
794 1795 935 1868 unicum
959 1794 1065 1869 etiam

187 1884 321 1977 filium,
347 1889 427 1961 Deo
452 1888 641 1978 obtulisse,
667 1888 775 1980 haec,
801 1893 968 1987 inquam,
991 1914 1065 1965 non

186 1986 374 2058 reticentur
400 1989 435 2058 in
462 1986 618 2061 Historiii
642 1966 856 2059 Abrahami:
892 1986 947 2061 sed
970 1987 1066 2060 hunc

185 2081 298 2155 virum
316 2106 479 2180 magnum
495 2081 634 2155 coluisse
648 2078 846 2155 sabbathum
856 2083 928 2174 ,vel
944 2106 1066 2180 quem*

185 2175 272 2250 libet
287 2179 378 2252 diem
394 2176 597 2276 fingularem
614 2202 687 2274 prae
701 2180 838 2274 reliquis
854 2176 982 2250 sacrum
1000 2178 1064 2253 ha·
1213 2238 1216 2249 ,

128 2274 130 2277 ’
186 2268 313 2367 buisllr,
338 2298 402 2349 nec
451 2275 537 2351 alam
563 2274 717 2367 dicitur,
743 2298 807 2347 nec
830 2275 906 2347 ullis
928 2274 1064 2348 indiciis

186 2370 267 2443 colli
294 2372 406 2470 ip'ote
439 2428 447 2445 .
495 2372 666 2445 Praeterea
682 2371 719 2443 in
735 2372 1066 2469 peregrinationibus

185 2395 372 2543 Abrahami
396 2471 433 2544 &
458 2466 561 2566 ipsius
593 2466 789 2558 Filiorum,
823 2490 967 2562 quarum
991 2490 1064 2541 non

184 2587 306 2662 paucae
331 2586 510 2647 narrantur,
537 2568 559 2640 a
594 2565 714 2657 Mose,
738 2565 869 2638 itineris
898 2564 946 2638 ob
968 2562 1063 2639 diem

186 2658 339 2734 sabbathi
361 2658 537 2736 intermissi
567 2662 659 2735 nulla
689 2661 733 2736 fit
763 2661 931 2735 mentio:
966 2660 1062 2758 quod
1121 2726 1133 2731 ,

186 2772 302 2859 tamen
318 2757 433 2854 pnslea
447 2758 485 2831 in
501 2758 684 2832 itinerariis
700 2756 920 2833 israelitarum
939 2815 951 2848 ,
976 2754 1062 2833 clun

185 2849 370 2925 Desertum
389 2850 592 2946 transirent,
616 2873 774 2929 notatum
789 2857 995 2950 accepimua

234 2944 396 3047 Denique
416 2949 510 3044 quod
533 2948 658 3049 speum
680 2952 722 3025 ad
739 2949 898 3044 jobum,
923 2952 1206 3056 virum,101‚‚2393

187 3045 269 3123 Deo
285 3042 389 3135 teste,
412 3050 702 3140 intemerabilem,
723 3053 901 3142 integrum,
924 3052 1059 3136 reblam,

136 3212 140 3229 ,
185 3148 344 3215 rimantem
368 3142 462 3235 Dei,
495 3144 538 3226 {9²
562 3147 587 3218 ll
608 3149 697 3220 maso
713 3151 901 3218 recedentem
922 3164 936 3213 .·
958 3141 1059 3215 facile

186 3237 303 3313 credes
318 3236 410 3311 hunc
427 3238 604 3313 hominem
626 3240 712 3314 nihil
737 3234 904 3313 divinitus
952 3259 1059 3308 raece·

185 3335 260 3433 pti,
284 3351 343 3406 aut
364 3337 499 3432 promul
527 3337 572 3409 ati
590 3336 769 3427 omnibus,
794 3261 974 3431 ignorislb,
997 3346 1059 3407 aut
1112 3363 1120 3375 ·

185 3430 369 3530 cognitum
393 3357 564 3530 neglefiui
588 3430 746 3505 habuisse.
797 3433 930 3505 Rerum
954 3452 1059 3501 exor-

186 3526 249 3600 diis
266 3528 457 3624 proximior
472 3543 543 3600 erat
558 3527 661 3624 quim
677 3523 820 3618 Moses,
853 3547 963 3621 neque
976 3538 1058 3601 eum

185 3621 291 3697 latere
305 3644 439 3723 poterat
454 3623 646 3698 institutum
663 3620 869 3707 universale,
895 3620 1059 3717 primitur

185 3717 304 3792 lDeo
332 3721 449 3793 datum
477 3718 605 3795 Generi
629 3721 791 3794 humano.
838 3718 931 3793 Dein
956 3718 1059 3816 hujus

186 3810 323 3890 illustris
353 3817 417 3890 viri
442 3816 630 3891 Historiam
660 3836 730 3888 non
753 3817 877 3912 raptim
910 3817 947 3891 &
968 3815 1060 3890 sum·
1156 3874 1159 3881 .

129 3940 134 3948 ·
188 3915 328 4011 marim,
353 3931 393 3986 ut
407 3914 494 4012 saepe
510 3910 621 4007 solet,
645 3909 700 3985 sed
724 3913 861 4010 integro
883 3911 976 3985 sibru
995 3930 1060 3983 ea·

188 4008 333 4105 positam
350 4009 472 4105 habes,
499 4007 817 4185 triplicem'stugum
830 4007 1065 4181 snbiitlbbffll
