3056 4864
454 406 535 491 ‘280
583 348 905 485 rucroru's
929 398 1240 478 nrtsront

456 526 574 618 blico,
599 527 714 620 civili,
740 524 794 600 vel
810 525 990 627 religioso,
1016 522 1182 599 sancitum
1207 518 1273 597 effe
1290 522 1345 599 in·
1515 508 1516 515 ἵ

458 644 513 699 ter
530 624 690 714 Gentes,
717 622 886 717 Graecas,
911 624 1116 708 Romanas,
1139 639 1199 693 aut
1214 618 1343 694 Barba·
1516 630 1517 633 ’

458 742 527 806 ras:
555 721 624 792 hoc
642 720 691 801 eii
708 720 802 815 quod
828 719 962 793 strenue
985 739 1162 818 negamus.
1207 713 1276 790 Sed
1301 715 1346 791 de

451 816 528 911 laic
546 840 584 888 re
601 813 700 907 satis,
726 816 763 891 ὃς
779 813 822 889 de
838 818 951 916 primi
965 815 1027 888 toa
1043 810 1268 893 Ob'etiione.

508 908 669 991 Secundis
684 911 826 1009 objicis,
850 914 957 987 &nos
973 933 1074 1011 urges
1148 911 1345 988 incommo-

461 998 508 1107 do
534 1035 543 1087 ;
572 1008 648 1098 Et,
674 1009 815 1105 inquis,
839 1006 1022 1098 libertate,
1047 1008 1116 1103 qui
1139 1006 1190 1081 uss
1214 1004 1347 1098 sumus,

459 1101 642 1179 recedendi
668 1102 689 1176 al
711 1103 884 1183 verbis&
909 1106 928 1178 ri
952 1105 1071 1183 litteti
1096 1099 1236 1193 Mofis,
1261 1096 1348 1181 citm

460 1224 525 1273 nos
541 1220 703 1296 premunt
720 1199 990 1294 absurdiuscula,
1014 1198 1175 1275 absurdos
1196 1197 1263 1272 else
1280 1198 1347 1275 ho·
1391 1208 1403 1220 “

463 1298 572 1385 mines
604 1299 740 1370 Atheos
773 1296 809 1374 bt
838 1297 1060 1393 incredulos,
1085 1295 1127 1371 ad
1150 1292 1346 1370 elevandam
1398 1362 1406 1373 ,

461 1393 701 1469 aubioritatem
720 1392 853 1486 Mosrs,
868 1399 905 1473 &
929 1391 1238 1495 parvipendendam
1253 1391 1348 1466 Scri·
1457 1456 1460 1463 .

463 1510 600 1589 pturam
618 1484 754 1567 sacram.
789 1488 1025 1587 Respondeo:
1051 1491 1138 1564 nihil
1163 1491 1275 1567 mirus
1297 1487 1346 1561 se·

465 1586 602 1681 quitura
627 1584 679 1661 his
693 1589 785 1663 eninr
810 1589 847 1660 δε
863 1582 1058 1683 huiusmodi
1082 1583 1229 1664 absurdis
1252 1586 1346 1658 litte·

465 1678 590 1762 talibus
605 1678 655 1759 uli
672 1679 748 1755 sunt
775 1681 887 1761 hostes
909 1681 1106 1779 Religionis
1131 1682 1277 1773 nostrae,
1301 1680 1346 1757 ad

463 1757 731 1871 labesubbtndatn
747 1779 936 1872 Scriptura
950 1774 1072 1869 sacrm,
1097 1777 1135 1851 &
1151 1776 1348 1871 Religionis

468 1871 596 1950 nostrae
612 1875 862 1957 auetoritatetn.
909 1875 979 1957 His
994 1874 1101 1972 igitur
1121 1870 1267 1959 amotis,
1291 1894 1345 1946 ar·

468 1993 526 2044 ma
550 1970 590 2043 iis
614 1969 634 2045 ὲ
658 1972 811 2045 manibus
832 1973 1055 2061 excutimus,
1079 1988 1182 2063 atque
1202 1985 1345 2043 omnent

468 2067 649 2149 cavillandi
679 2066 821 2154 ansatus
852 2067 1042 2165 salvamque
1073 2063 1269 2163 praestamus
1299 2080 1344 2132 ex

467 2164 564 2245 omni
580 2182 694 2259 parte,
719 2164 755 2241 ὃ(
771 2163 864 2257 quali
878 2162 1154 2243 invulnerabilem
1164 2158 1345 2255 ,Religio-

467 2283 548 2333 nem
564 2259 726 2337 nostram.
775 2257 885 2352 Qrbtl
903 2258 959 2353 fi,
983 2284 1027 2335 ex
1052 2260 1212 2348 adverso,
1235 2251 1345 2326 sensits

467 2352 621 2449 litteralis
637 2355 863 2447 patrocinium
879 2356 1006 2455 ubique
1021 2356 1168 2438 initeris
1182 2350 1346 2457 Litteris²

467 2448 506 2518 δί
524 2448 696 2546 speciatim
721 2451 757 2527 t'tt
773 2452 964 2550 originibus
987 2454 1172 2541 Musaicis,
1195 2445 1344 2541 suscepe-

309 2565 315 2575 ·
465 2544 530 2633 ris,
558 2568 660 2618 novas
674 2545 850 2641 generabis
865 2549 959 2640 lites,
984 2573 1054 2621 non
1069 2547 1139 2623 fine
1152 2545 1344 2627 discrimine

467 2635 577 2712 causae
635 2641 804 2737 rincipalis
837 2646 1076 2721 terminandas.
1123 2645 1249 2716 Dicam
1278 2638 1343 2712 tibi

465 2731 576 2831 libere*
596 2665 794 2813 sistentiam
812 2765 942 2817 meam:
968 2740 1043 2835 Qui
1058 2741 1234 2817 adhaerent
1249 2762 1342 2811 rnor-

468 2831 565 2907 dicus
580 2833 682 2906 nudae
705 2835 831 2910 litterae
855 2838 1030 2936 verbisque
1053 2837 1165 2912 Mofis
1187 2837 1223 2910 in
1246 2860 1338 2913 enar·

465 2931 579 3027 'randis
594 2951 705 3003 terunt
728 2934 778 3006 ori
808 2934 940 3029 inibus,
964 2936 1048 3012 dant
1072 2935 1189 3013 lucum
1215 2931 1342 3009 ausam-

470 3048 538 3123 que
553 3026 748 3111 Atheotum
826 3031 1086 3119 Incredulorum
1110 3030 1348 3121 contumeliis,

467 3126 529 3203 aut
557 3122 860 3221 cavillationibus,
892 3147 961 3208 tata
986 3149 1108 3203 conua
1133 3126 1345 3224 Scriptorum

465 3216 622 3312 sacram,
660 3220 765 3321 quam
797 3224 999 3324 religionem
1022 3227 1059 3298 iu
1083 3226 1130 3301 ea
1148 3223 1344 3307 revelatam.

463 3310 553 3397 Hoc
570 3336 664 3409 patet
679 3321 870 3413 exemplis,
897 3326 978 3405 Celti
990 3371 1004 3414 ,
1028 3323 1181 3415 Julian,
1213 3320 1345 3415 Simpli·

414 3444 419 3453 ·
463 3414 526 3498 pii,
553 3411 987 3517 Porphrrmaliorumque,
1001 3419 1061 3512 qui
1077 3441 1121 3490 ex
1136 3416 1344 3514 hlc‘phare·

462 3505 519 3593 ⁴tri
534 3504 749 3600 depromsere
762 3511 897 3611 sagittas
912 3566 925 3606 ‚
949 3513 1073 3610 quibus
1088 3566 1102 3604 ,
1125 3536 1258 3595 veneno
1275 3515 1343 3587 tin·

464 3598 556 3690 elis,
590 3604 751 3695 petebant
777 3610 985 3707 Prophetam
1012 3609 1176 3693 Molem:
1218 3630 1344 3708 utpote

461 3716 571 3806 quem·
581 3720 693 3771 rerum
716 3704 866 3802 origines
877 3703 1169 3803 scripsrue'ajunm
1195 3705 1341 3783 Fabula·

455 3806 546 3894 tons
562 3791 682 3885 instar,
708 3816 767 3870 aut
792 3799 949 3901 Plebeji:
976 3826 1089 3899 neque
1113 3803 1339 3901 Philosopho·

461 3910 537 3971 rum
561 3887 757 3985 sapientiam
788 3919 867 3981 eum
894 3898 1071 4005 attigisse,
1103 3900 1231 3974 nedum
1260 3895 1339 3979 viri

458 3982 622 4072 divinitus
636 3986 750 4077 afflatit
798 3994 853 4075 lta
866 3992 988 4094 spurco
1004 4019 1064 4069 ore
1079 3995 1341 4168 Archteolriglias

993 4132 997 4139 .
1262 4170 1266 4177 ἱ
1301 4117 1341 4174 00
