3056 4864
295 399 379 479 AD
404 398 528 483 VIR.
552 394 825 482 CLARIS&
850 402 897 481 A.
917 407 959 483 B.
1004 429 1076 501 279

192 516 453 621 promulgatum
469 521 621 599 humano
632 524 774 613 ,Generi
796 527 960 600 interum
975 551 1076 601 exor-

191 618 275 692 dio:
301 625 358 693 vel
381 614 577 693 institutum
593 619 812 714 Mosa'icum,
836 624 875 703 bt
891 623 1000 695 Genti
1012 628 1076 716 Ju·
1146 642 1150 649 ’

191 715 304 790 dnicae
327 718 521 814 proprium.
570 716 847 815 Hocposlerius
873 720 985 793 testati
1000 719 1083 792 sunt
1215 804 1219 813 ,
1309 742 1315 749 ·

168 838 171 847 ’
190 814 310 889 Patres
323 808 533 908 Christiani,
559 814 662 911 primi
684 814 841 904 ordinis,
868 817 1075 911 quinetiam

189 909 402 1007 Prophetae,
427 912 466 987 δι
497 910 614 984 Moses
647 907 745 1010 ipse,
765 911 938 1006 asserunt,
961 910 1077 986 sabba·
1133 992 1138 1001 ,

193 1006 298 1081 thum
313 1005 509 1082 institutum
534 1007 600 1080 else
621 1008 657 1079 in
682 1029 947 1081 monumentum
964 1010 1077 1082 foede·

191 1104 282 1195 rale,
306 1102 424 1177 Deum
440 1105 529 1177 inter
546 1103 583 1177 bt
601 1103 737 1192 ludaeos
757 1129 767 1175 ε
794 1107 830 1178 bt
847 1104 950 1189 instar
966 1109 1081 1199 paries
1214 1100 1218 1109 ’

192 1192 756 1372 grintegffilnireosdemtjiutgcaeos
771 1202 914 1368 interb&
929 1200 1077 1312 Gentes.
1117 1300 1120 1313 Ι

233 1319 289 1370 ern
437 1320 456 1369 a
580 1318 647 1368 ns
731 1317 854 1370 tanoni
882 1320 920 1369 us
989 1320 1057 1372 rtur
1116 1316 1119 1323 ·

193 1391 424 1489 ostendimus,
448 1418 470 1467 o
497 1384 615 1491 serrati
629 1390 784 1469 sabbathi
799 1392 932 1467 nullum
942 1322 1078 1470 {hard

193 1487 473 1587 documentum,
506 1488 634 1562 nullam
664 1489 929 1581 memoriolam,
961 1491 1018 1565 vel
1042 1494 1079 1569 in

195 1586 468 1661 Antediluvianis
522 1585 582 1657 vel
604 1584 651 1658 N
653 1585 830 1675 oachidis,
853 1591 868 1680 (
875 1582 992 1661 oblata
1017 1586 1079 1661 sae·

195 1680 273 1781 pius
287 1682 370 1756 licet
386 1640 586 1770 occasione)
612 1679 716 1778 usque
738 1682 781 1754 ad
807 1702 965 1779 tempora
991 1684 1079 1758 Mo-

194 1779 293 1853 saica.
340 1779 503 1876 Denique
517 1775 661 1851 derisum
676 1777 742 1851 else
756 1775 778 1849 a
794 1777 988 1870 Gentibus,
1006 1800 1078 1861 tarn

65 1938 70 1943 .
195 1876 331 1950 Gtaecis
357 1877 463 1973 quam
486 1874 688 1969 Romanis,
712 1875 806 1948 hunc
829 1877 936 1948 ritum
951 1877 1080 1971 Juda'if

71 2060 75 2065 ⁵
193 1995 294 2046 cunt:
321 1984 355 2044 at
381 1990 423 2044 ue
439 1994 482 2069 eo
500 1971 654 2069 semper,
679 1969 773 2069 quali
789 1968 948 2070 stigmate
965 1972 1077 2072 signa·
1210 2029 1215 2042 .

192 2080 268 2160 toe,
293 1994 443 2142 ludibrio
457 2068 593 2142 habitos
603 2066 756 2165 Judaeos.
954 2148 957 2157 ,

242 2165 305 2241 Ne
330 2180 374 2238 u'e
388 2164 510 2238 fucum
527 2162 592 2236 tibi
607 2163 755 2258 faciant,
780 2182 840 2237 aut
857 2167 1080 2246 terruerant·-

195 2186 417 2357 obtrudant,
446 2259 593 2335 adversae
618 2260 797 2334 sententiae
824 2259 992 2352 fautores,
1018 2259 1079 2335 sub
1101 2264 1126 2331 ,’

196 2360 338 2433 nomine
365 2355 403 2432 dt
427 2372 602 2457 praetextu
627 2359 862 2447 Hebdomada,
887 2375 945 2427 aut
969 2364 1079 2453 lepte·

98 2450 122 2547 ‚⁸
196 2458 300 2530 narii:
326 2470 476 2552 quorum
500 2455 652 2529 occurrit
669 2453 762 2554 apud
787 2450 987 2546 Gentes,&
1003 2458 1081 2529 Au·
1229 2496 1231 2503 ·

197 2550 308 2628 &ores
323 2570 480 2646 exteros,
506 2572 577 2625 non
603 2545 681 2623 rarb
704 2574 770 2624 nee
791 2547 970 2624 incelebris
987 2574 1084 2625 men·
1229 2622 1235 2632 ,

197 2651 273 2735 tica
297 2646 354 2721 sed
370 2650 422 2724 his
436 2646 633 2722 nominibus
647 2640 735 2722 nihil
752 2644 868 2721 minits
883 2645 1083 2746 intelligunt

199 2743 371 2818 Auctores
392 2743 464 2837 illi,
489 2745 594 2843 quam
615 2740 817 2819 sabbathum
843 2742 1084 2839 (Modicum,

113 2922 116 2929 ,
199 2859 260 2917 aut
275 2838 506 2927 Adamicum)
532 2841 588 2914 vel
609 2841 798 2936 quemlibet
819 2843 924 2914 ritum
941 2841 1083 2937 religio·

200 2936 294 3011 sumt
320 2956 501 3011 numerum
517 2933 743 3035 septenarium
768 2934 985 3009 celebrabant
999 2934 1085 3007 Phi·

201 3029 338 3132 losophi
357 3052 503 3133 propter
516 3035 663 3107 virtutes
686 3032 724 3108 ἃ
746 3032 922 3199 mysteria,
947 3048 987 3101 ut
1008 3042 1084 3102 cre·-

198 3128 353 3225 'debant,
366 3130 402 3202 in
417 3146 461 3201 eo
476 3130 676 3219 recondita,
703 3127 770 3201 heb
797 3150 889 3201 omas
901 3124 1086 3222 planetaria

202 3228 240 3300 in
253 3223 314 3298 usu
328 3243 401 3319 erat
414 3224 506 3335 apud
522 3226 725 3325 Astrologos
741 3224 778 3297 ὅ(
793 3223 1083 3296 Mathematicus:

200 3323 294 3397 unde
308 3321 603 3405 denominationes
626 3320 825 3419 planetarias
848 3317 987 3416 singulis
1011 3317 1086 3389 die·

201 3418 268 3493 but
282 3415 350 3492 suae
365 3414 591 3491 hebdomadis
613 3415 832 3514 imposudru
858 3413 952 3527 quod
968 3410 1086 3510 postea

203 3517 242 3590 in
260 3534 483 3590 communem
502 3510 599 3586 usmn
622 3510 764 3585 tranfiir.
812 3510 882 3585 Alir
900 3509 1082 3609 septimum

204 3610 440 3703 inovilunio,
464 3604 534 3685 lire
548 3608 592 3683 ab
614 3610 756 3683 ineunte
771 3606 912 3703 mense,
935 3607 1086 3707 aliosque

203 3709 313 3784 sacros
344 3705 507 3782 habuere.
563 3706 657 3780 Haec
694 3724 811 3804 autem
843 3712 1087 3806 argumentum

205 3805 363 3880 nostrum
377 3814 449 3878 hon
465 3803 552 3878 attin
629 3821 664 3894 t,
689 3826 800 3895 neque
817 3798 894 3876 haec
910 3821 1085 3900 negamus:

205 3901 407 3977 sabbathum
420 3897 527 3992 verb,
579 3923 620 3973 ve
637 3898 728 3973 diem
740 3897 949 3995 septimum,
973 3918 1091 3977 recur-

209 4020 343 4076 rentem
360 3999 396 4077 iu
413 3994 554 4105 fingulis
568 3995 715 4096 septenis
721 3995 820 4167 ‚salli
844 3993 1093 4163 institutnbflacuo⁴

782 4114 810 4187 4
1087 4138 1101 4182 a
