3060 4836
291 375 378 452 or·
402 354 953 450 Rusunoun'rtumj.
987 387 1053 474 165

189 510 285 592 ptem
318 490 482 564 habemus
514 488 640 563 diversa
666 512 845 587 corporae
880 490 916 564 δι
943 489 1058 569 adhue

186 587 324 687 quidem
353 587 470 682 plura,
496 586 521 658 sr
543 587 674 661 vivaces
698 586 734 661 bt
759 587 913 686 longaevi
947 583 1062 667 fimus,

236 686 318 755 Hoc
337 682 421 755 facit
435 702 476 755 ut
491 684 577 755 mihi
595 684 708 755 veniat
738 684 772 757 in
797 705 948 779 mentem
966 696 1177 776 quac-‚Manu

188 776 252 852 stin
277 778 298 850 d
330 777 522 851 Sadducaeir
545 777 633 852 male
656 779 848 876 proposita,
879 779 922 851 de
945 777 1061 855 soemi·
1074 789 1121 833 22·

189 878 253 965 nl,
279 898 358 970 quae
371 873 496 985 septem
514 873 678 948 habuisset
693 876 852 964 maritos,
877 896 1071 973 quemnam

190 968 318 1042 scilicet
337 995 380 1043 ert
404 968 615 1044 inhabitura
636 969 718 1045 esset
741 972 777 1044 in
798 968 1059 1045 resurredlione:

117 1118 119 1121 ψ
190 1066 334 1165 iternine
355 1066 414 1138 illa
435 1065 477 1139 lit
509 1069 640 1156 anima,
666 1089 745 1162 qux
777 1068 903 1163 septem
937 1063 1060 1143 hebuit

191 1184 354 1258 corpore,
371 1160 471 1258 quas
492 1163 672 1260 conjuges:
699 1165 864 1259 quaetitur
885 1183 928 1235 ex
944 1161 997 1234 his
1012 1162 1064 1237 se·

191 1276 287 1352 ptem
304 1259 474 1355 quodnam
490 1258 646 1333 habitura
665 1254 705 1330 sit
729 1259 766 1330 in
794 1255 1059 1339 resurreetione?

192 1355 308 1425 omnia
322 1358 414 1427 enim
437 1353 577 1427 habuit:
603 1350 724 1425 illude
742 1352 891 1451 septem,
916 1357 1065 1450 opinor,-

191 1448 310 1539 ἀίεις,
335 1451 426 1548 quod
443 1450 562 1522 habuit
579 1449 751 1523 ultimum.
791 1450 967 1523 Caeterum
986 1449 1065 1531 fieri

192 1545 331 1639 potest,
365 1547 508 1619 animam
542 1540 654 1618 multb
673 1545 747 1640 plut
779 1544 863 1621 boni
887 1566 947 1621 aut
980 1546 1066 1621 mali

193 1642 396 1736 perpetrasse
409 1643 446 1713 in
461 1641 528 1714 alio
543 1665 718 1738 corpore,
741 1640 843 1731 quim
868 1642 903 1713 in
928 1640 1068 1719 noviffiff'

193 1733 1068 1933 dbbdrddoidgegillblrdiaeali[dbtpbiiildesn'sdecmlgrbatbidd

492 1910 495 1923 .
577 1884 588 1919 r
841 1891 849 1907 ·

196 1928 340 2002 dedecet
356 1931 466 2003 auiam
491 1930 665 2011 coeleslem
686 1986 699 2022 ,
721 1929 901 2027 coetusque
925 1929 1069 2025 Angeli‹

193 2046 280 2113 cor,
304 2026 575 2120 cotpnsuietum
590 2046 648 2099 aut
672 2028 856 2117 attritum,
882 2044 940 2098 aut
965 2021 1070 2120 pufil·

194 2118 266 2194 lum
283 2120 320 2196 ὅ(
335 2123 509 2214 insantilc3
536 2120 572 2195 δε
591 2124 626 2195 in
643 2123 764 2201 borum
781 2122 945 2195 alterutro
962 2120 1072 2192 maxi·

195 2241 251 2290 mr
266 2242 339 2312 pars
354 2220 493 2293 humani
534 2220 640 2292 oneris
664 2219 738 2303 satis
755 2216 916 2293 concedit
934 2243 943 2290 ε
975 2211 1072 2310 quod

194 2310 223 2389 fi
239 2313 477 2412 corpusculum
493 2242 577 2388 iiiuc}
595 2313 749 2389 infantile
764 2314 805 2386 ad
821 2312 943 2387 florem
961 2312 1073 2385 aetatit

196 2431 401 2505 promovere
416 2413 539 2503 vellet,
563 2429 622 2485 aut
636 2411 757 2484 eodem
770 2409 933 2484 reducere
947 2430 1075 2504 corpur
1146 2472 1153 2486 .

197 2502 289 2595 sertio
303 2508 523 2599 confestum,
548 2506 782 2602 metantisque
805 2530 891 2602 opus
907 2504 987 2578 esset
1011 2502 1073 2576 ad-

199 2599 393 2675 ditamentit
417 2604 788 2701 &interpolationibus
804 2655 816 2694 ‚
835 2606 880 2678 'ut
897 2600 997 2683 instar
1017 2625 1077 2681 ttae·

199 2696 252 2771 ,vit
268 2697 383 2792 Argus
400 2704 528 2774 centies
543 2701 872 2798 reparatae‚nomioe
889 2718 986 2783 tenus
1000 2716 1078 2773 tan·

200 2786 278 2865 tium
294 2793 383 2869 idem
400 2796 480 2870 esset
495 2821 631 2893 corpus.
678 2798 840 2892 Denique
856 2793 992 2869 mallem
1006 2814 1076 2887 ego

203 2887 390 2965 aedificium
416 2891 459 2967 de
475 2894 569 2970 coelo
590 2918 719 2967 novum
739 2946 752 2986 ,
775 2890 876 2985 quim
901 2887 1080 2982 tugurium

105 3044 108 3053 .
203 3002 395 3149 pericuum,
421 2988 734 3087 quomodocunque
758 2983 937 3060 adrudum
950 2999 1009 3055 aut
1025 3003 1086 3073 req

217 3100 373 3155 arcitum.

250 3175 411 3251 Secundb
430 3181 640 3270 notandum,
666 3175 747 3252 clun
764 3176 854 3271 idem
871 3195 997 3256 numero
1008 3196 1089 3247 cot·

200 3294 270 3369 put
292 3277 481 3369 reposcitur
503 3278 539 3347 in
565 3274 828 3364 resurreetione,
852 3268 1004 3364 poscitur,
1028 3267 1091 3345 sal·

207 3388 280 3441 tem
300 3374 340 3443 ut
356 3370 476 3445 iisdem
489 3395 600 3467 genere
614 3368 766 3468 partibus
783 3366 945 3459 constet,
969 3365 1088 3443 iisdem
1112 3384 1115 3391 “

198 3464 421 3558 uisceribus,
448 3466 650 3540 humoribus
677 3468 714 3542 δε
739 3461 936 3554 membris,
969 3462 1094 3554 quibus

207 3580 307 3634 antea
323 3561 478 3636 constitit
493 3566 529 3635 in
548 3564 627 3636 vird*
646 3563 794 3636 mortali.
842 3558 909 3635 Sed
935 3559 996 3654 qui
1023 3559 1095 3632 hoc

198 3656 285 3737 ,fieri
303 3658 404 3756 poffit
423 3683 494 3732 non
510 3658 635 3763 video⁸
658 3657 741 3733 ciun
757 3653 974 3731 manifestum
990 3653 1032 3729 sit
1049 3678 1095 3729 ex

210 3750 308 3826 saeris
346 3754 524 3847 Litteris,
560 3754 724 3829 nonnulla
755 3752 880 3827 viscera
912 3751 950 3825 δε
982 3775 1097 3824 mem·
1169 3750 1175 3767 ’

119 3850 121 3853 ’
207 3846 269 3922 bra
292 3850 465 3949 abolitum
490 3852 558 3928 iri:
600 3870 727 3947 utpote
752 3864 924 3941 ventrem,
948 3870 1029 3921 cum
1056 3846 1098 3917 iit

199 3964 289 4041 'quae
312 3948 355 4024 ad
375 3967 533 4031 ventrem
564 3946 717 4050 spectant
742 4000 756 4044 ‚
766 3965 852 4120 Laut
882 3942 944 4022 sub
976 3958 1100 4113 vessstre

827 4062 849 4144 3
1024 4053 1099 4116 uot.
