3056 4864
364 324 375 365 ³
452 358 525 479 22'4
579 376 660 451 uu
686 369 891 451 arrru
917 369 1255 475 moraruora.

452 497 610 594 superant
637 490 744 567 senius
776 491 990 584 hodierum,
1014 490 1064 571 δι,
1084 494 1334 595 cogitationem

452 596 664 669 humanam:
690 587 823 662 constat
855 612 998 681 tamen,
1019 613 1088 681 ea,
1118 614 1338 689 quaeeunque

332 778 335 785 ¹
453 688 539 781 lint,
565 686 738 761 referenda
752 686 817 760 else
833 690 969 777 onmia,
984 687 1040 761 vel
1054 685 1097 767 ad
1115 711 1262 785 corpus,
1277 688 1334 761 vel

452 783 496 859 ad
509 784 671 867 animam.
721 781 836 877 Quale
850 785 963 858 Beatir
978 802 1094 857 autem
1116 782 1272 859 futurum
1293 784 1336 861 fit

363 942 367 949 .
453 883 490 955 in
503 882 605 957 coelis
621 904 765 978 corpus,
791 900 862 954 tam
883 881 996 977 quoad
1013 883 1212 969 materiam,
1251 881 1332 955 uim

400 1014 405 1023 ·
452 977 623 1070 formam,
647 1003 712 1074 pro
727 977 817 1051 virili
835 976 1073 1076 exposuimus,
1096 905 1333 1074 eapiteiepti·

453 1100 514 1149 mo
537 1075 575 1150 ὃ(
596 1073 738 1149 oraro:
765 1074 860 1174 quod
894 1095 1019 1173 praeter
1043 1072 1112 1149 suaa
1136 1074 1235 1148 dotes
1258 1074 1333 1147 exi·

369 1206 375 1217 ·
454 1173 556 1262 miae,
583 1172 738 1246 immune
762 1173 830 1245 erit
852 1174 964 1246 omnis
987 1171 1097 1264 mali,
1121 1170 1336 1269 agritudinis

436 1290 515 1363 ⁸aut
528 1268 715 1361 molestiae,
738 1268 862 1365 quibui
880 1269 1063 1369 affligimur
1078 1270 1115 1341 in
1129 1270 1196 1342 hic
1208 1291 1328 1340 carne:

453 1368 673 1460 atqueetiam
698 1367 840 1441 rationis
861 1366 1007 1461 imperio
1029 1365 1175 1438 libenter
1195 1363 1332 1438 obtem·

454 1460 588 1558 perabit
602 1460 639 1533 ὃς
659 1459 729 1537 sme
747 1461 856 1554 luera,
875 1463 918 1535 ad
938 1486 1043 1537 omne
1055 1486 1165 1562 genus
1180 1458 1333 1557 obsequii

451 1553 703 1653 paratiflimum.
754 1556 849 1655 Deip
864 1557 906 1629 ad
921 1560 1068 1633 animam
1081 1559 1178 1655 quod
1193 1552 1335 1655 similat,

452 1675 571 1725 omnes
586 1650 689 1746 ipsius
708 1650 881 1729 facultates
896 1653 1112 1743 adolescunt,
1137 1658 1224 1732 &ad
1242 1654 1331 1729 sum·

419 1774 422 1781 ’
451 1771 544 1823 mam
561 1746 807 1846 perfefflonem
825 1747 992 1916 adppirant
1008 1751 1043 1821 in
1061 1750 1123 1821 illo
1138 1750 1234 1824 statu
1248 1756 1332 1826 Sen-

451 1842 534 1936 sut,
565 1843 736 1936 afletius,
763 1846 950 1940 mentique
972 1846 1188 1940 operationes
1212 1870 1332 1923 omnes

454 1940 545 2016 fiunt
562 1943 773 2039 vegetiorem
797 1941 839 2015 ad
856 1946 983 2041 majora
996 1943 1099 2015 etiarn
1116 1941 1152 2016 ὃ(
1168 1941 1333 2015 illustriu-

453 2063 491 2114 ra
505 2037 643 2135 objeeta
659 2059 894 2112 termrnantur.

499 2135 590 2209 Non
604 2135 749 2211 deerunt
771 2138 939 2233 imprimit
961 2161 1051 2209 nova
1075 2135 1111 2209 bt
1135 2130 1331 2211 admiranda

454 2230 590 2326 objebla
603 2233 645 2304 ad
661 2234 882 2331 occupandos
901 2231 1008 2306 senius
1029 2253 1189 2306 externos
1205 2262 1217 2319 3
1244 2225 1331 2304 cirm

454 2327 553 2425 supra
567 2352 687 2403 omnes
710 2333 858 2425 planetas
881 2330 980 2423 elati,
1006 2330 1215 2403 mundanum
1230 2351 1331 2400 ocea-
1410 2330 1420 2344 '

431 2434 433 2439 ’
453 2448 538 2497 num
555 2423 785 2512 intuebimur,
810 2429 847 2499 ὃ(
867 2446 1020 2502 natantes
1035 2430 1070 2499 iu
1085 2424 1177 2499 vasto
1193 2424 1333 2523 gurgite

454 2521 649 2591 innumeros
665 2540 831 2593 terrarum
848 2521 946 2593 orbes
963 2575 975 2615 ,
1000 2522 1068 2595 suit·
1081 2521 1202 2595 incolis
1222 2512 1333 2617 reple·

455 2635 520 2686 tos.
570 2616 672 2688 Acies
687 2618 778 2689 enim
795 2616 999 2708 oculorum,
1023 2620 1078 2691 vel
1097 2618 1236 2693 facultas
1254 2613 1333 2691 vili·

453 2735 496 2783 va
517 2708 576 2782 suo
592 2711 699 2783 modo
715 2712 902 2787 constituta
917 2714 953 2786 &
968 2717 1151 2807 ordinata,
1175 2717 1331 2791 omnium

453 2806 674 2905 specillorum
688 2806 856 2904 superabit
873 2810 982 2898 vires5
1007 2812 1044 2884 ὃ(
1068 2810 1204 2907 οὺῇεᾶα
1222 2812 1332 2885 multo

454 2908 583 3003 majora
600 2906 636 2978 ἃ
653 2907 838 2979 remotiora
853 2908 1001 3006 attinget
1017 2909 1054 2981 &
1069 2906 1333 3006 complemur,

455 3010 666 3095 quumquae
696 3004 915 3091 discernimur
946 3008 982 3075 in
1015 3005 1085 3078 hoe
1116 3004 1222 3078 etalio
1244 3008 1333 3077 aire.

454 3100 552 3175 Dein
571 3092 654 3173 ciam
680 3096 786 3172 stellas
811 3099 895 3173 fixas
918 3101 1249 3194 contemplabimur,
1274 3125 1332 3196 pe·

455 3219 575 3270 rennes
591 3197 764 3269 coelorum
788 3198 911 3293 ignes,
938 3218 995 3268 tot
1017 3197 1101 3269 soles
1128 3195 1334 3294 prodigiosae

455 3293 726 3401 magnitudinis,
752 3294 1012 3367 innumerabiles
1036 3313 1201 3392 praeterea
1225 3296 1263 3367 δε
1280 3319 1334 3367 re·

456 3408 585 3481 petitos
626 3389 729 3484 usque
779 3391 816 3463 ἃ
851 3388 955 3487 usque
996 3416 1057 3487 per
1097 3389 1259 3465 immensa
1287 3417 1336 3464 ae·

457 3481 564 3555 theris
579 3481 712 3578 spatia;
744 3510 845 3578 quam
868 3487 1083 3581 voluptatem
1109 3516 1134 3577 ‚·
1153 3511 1239 3587 quos
1263 3488 1337 3560 ani·

456 3578 505 3649 mi
539 3601 653 3652 motus
685 3582 850 3656 excitabit
882 3585 940 3656 hic
959 3580 1160 3681 conspeetu
1185 3584 1335 3658 Univer-

458 3670 506 3745 fi?
526 3676 684 3773 Magnus
699 3677 749 3751 est
764 3679 879 3764 Deus,
904 3681 1002 3755 Deus
1016 3679 1146 3773 noster,
1173 3677 1336 3777 univerli·

458 3771 536 3857 ratis
558 3796 670 3844 rerum
698 3775 832 3847 Aueror
854 3779 892 3851 ὃ(
922 3777 1068 3877 Opiferr.
1115 3778 1198 3851 Heu
1229 3774 1336 3869 quim

456 3866 696 3963 sordentem,
721 3870 805 3946 cirm
822 3875 891 3949 boc
917 3877 1049 3950 eoelum
1072 3869 1239 3971 adspicio!
1267 3868 1337 3945 Vi·

1292 3969 1337 4046 de
