3056 4864
180 524 185 535 ,
284 404 385 522 nr
415 416 949 530 nununduurrun.'
1000 474 1075 555 247

186 550 322 676 ¹eupuli}
338 559 415 636 llrnt
429 561 561 639 dudum
587 564 692 668 ipsun
708 564 856 669 posteri.
904 573 973 648 His
987 575 1074 649 locis

185 658 326 763 aliisque
339 660 497 758 'plurimis
521 663 595 736 satit
609 683 725 761 patet,
748 669 977 744 aeternitatem
1001 690 1072 744 non

85 794 88 799 ⁴
186 754 322 854 semper
343 756 498 832 denotari
519 757 562 833 ab
592 758 661 836 hic
684 786 773 839 voce
805 768 867 844 oin
895 766 951 841 vel
975 768 1072 857 unu,

184 854 247 933 “ciri
262 851 470 952 respondet,¹
495 876 537 931 ut
552 856 673 950 ndsti,
698 868 759 926 aro
779 858 833 933 vel
853 868 953 936 aar„
978 862 1070 955 apud

185 950 440 1051 Septuaginta,
465 952 503 1027 δε
519 952 645 1027 exinde
662 955 697 1028 in
714 978 808 1030 novo
816 954 964 1030 Foedere
974 983 987 1047 3
1010 958 1072 1032 ubi

186 1047 249 1124 no
270 1068 373 1122 voces
399 1050 525 1146 pariter
548 1050 723 1148 aliquanto
750 1052 858 1125 laxius
877 1053 990 1148 accipi
1013 1062 1074 1128 neb

186 1141 278 1217 ceffe
291 1143 367 1219 est:
400 1147 508 1239 vide,
534 1145 720 1245 fiplacm,
741 1146 891 1223 Philem.
917 1171 972 1245 ¹5·
991 1149 1075 1247 Jud,
1166 1152 1170 1159 '

187 1258 226 1322 7.
252 1242 365 1317 Rom.
386 1248 441 1316 16.
459 1264 518 1337 25.
544 1245 680 1318 2'l'im.
699 1267 779 1341 r.9.
802 1242 880 1317 Tit.
898 1267 928 1319 r.
945 1237 982 1325 i·
999 1245 1075 1320 De·

187 1340 293 1437 nique
307 1337 398 1434 'apud
414 1337 562 1415 Graecoo
577 1341 737 1415 exoticos
750 1339 878 1432 etiam,
889 1339 1076 1453 utriusque

148 1464 151 1471 ·
186 1436 285 1509 vocis
307 1433 528 1511 remissiorem
559 1437 626 1511 esse
655 1432 807 1529 sensum,
830 1434 1076 1512 Grammaticis

185 1546 310 1607 notum
326 1530 393 1607 est:
421 1556 485 1608 nec
503 1534 686 1633 quicquam
701 1530 804 1624 facit,
827 1550 869 1607 ut
887 1531 921 1605 id
936 1528 1075 1630 addamss

187 1649 311 1703 contra
328 1629 419 1703 hanc
433 1628 725 1726 explicationem,
749 1628 843 1728 quod
860 1630 978 1725 eadem
997 1652 1071 1715 vox

187 1725 368 1823 usurpetur
381 1727 417 1799 in
461 1726 549 1800 mnis
561 1750 604 1800 ac
620 1727 656 1800 in
672 1727 822 1823 praemiio
844 1727 971 1803 luturid
981 1726 1071 1801 defi·

186 1820 351 1920 grandis:
377 1751 478 1895 nullis
492 1823 585 1897 enim
601 1822 673 1897 Dei
699 1820 875 1897 attributis
900 1846 1071 1924 repugnat

87 2006 92 2013 ι
185 1938 315 1992 aeterna
340 1917 546 1993 Sandlorurn
572 1917 765 2011 soelicime,
799 1943 840 1994 ac
864 1922 1008 2014 proinde
1032 1922 1070 1997 in

182 2011 244 2089 illd
259 2033 356 2112 parte
368 2014 462 2089 nulla
477 2014 527 2099 est
541 2018 630 2091 ratio
645 2015 825 2090 recedendi
841 2015 884 2089 ab
893 2017 1069 2113 acceptio·

182 2132 229 2184 ne
247 2113 481 2193 communi&
497 2112 657 2187 litterali:
680 2131 784 2209 atque
808 2111 844 2185 id
868 2109 999 2207 semper
1013 2136 1068 2187 re-

183 2226 330 2306 ceptum
345 2206 416 2301 eil,
439 2227 481 2284 ut
496 2208 599 2283 verba
615 2206 739 2283 cedant
754 2205 872 2282 rebus:
898 2207 996 2282 aliter
1009 2211 1067 2289 hoc

181 2305 349 2402 epscopus
364 2331 467 2379 meum
483 2302 533 2379 est
547 2305 656 2382 didio
672 2329 743 2379 non
760 2302 873 2378 mindo
888 2305 1067 2404 explicita,

182 2400 289 2501 qudm
304 2405 392 2477 abire
406 2407 557 2572 inspirent
576 2419 740 2476 eternum.

228 2499 369 2576 Avi&
386 2498 447 2574 usu
490 2518 586 2573 rrum
602 2520 731 2574 vocum
749 2498 835 2574 nihil
858 2499 974 2598 itaque
988 2523 1066 2574 cer·

184 2590 225 2669 td
240 2594 380 2673 definiri
395 2595 510 2692 potest
523 2595 567 2670 de
579 2620 761 2693 poenarum
776 2596 990 2671 infernalium
1016 2621 1066 2685 ap·

185 2692 361 2765 ternitate.
392 2693 562 2769 Praeterea
577 2688 767 2777 notandum
786 2696 823 2767 in
836 2691 896 2768 illa
914 2694 982 2766 ima
1008 2696 1065 2769 ine

183 2783 344 2880 Inferni,
367 2787 471 2885 qu'arn
487 2788 586 2865 nobis
602 2792 843 2886 repraesentant
865 2788 966 2864 sacrae
981 2717 1066 2863 iit·

182 2903 288 2975 terae,
311 2880 378 2957 ess'e
393 2882 556 2959 mnnulla
580 2884 671 2982 (line
693 2884 946 2973 controverfia)
971 2886 1065 2983 sign·

181 2979 280 3077 rate,
303 2978 359 3054 vel
374 2978 511 3078 tropice*
525 2978 639 3072 distar
664 3006 744 3078 quae
764 2981 805 3055 ad
818 2982 972 3055 'litteram
987 2983 1062 3054 oxi·

184 3077 224 3187 gi
239 3101 310 3151 non
324 3078 454 3175 patitur
468 3101 583 3153 rerum
597 3075 743 3177 ipsarum
757 3098 895 3152 narum:
920 3097 1064 3174 praeter-

176 3182 290 3275 ‘quam
303 3176 417 3267 enim,
440 3171 537 3274 qudd
550 3171 724 3267 flammas,
748 3172 925 3265 tenebras,
948 3173 985 3246 dt
1000 3194 1061 3245 ex·

175 3278 336 3367 ‚mum
349 3268 480 3369 frigus,
503 3267 645 3345 difficile
668 3268 712 3344 fit
731 3267 890 3343 associare
911 3268 949 3342 dt
975 3291 1062 3341 con·
1101 3296 1122 3325 «ι
1187 3312 1193 3319 ,

178 3369 361 3475 jungere,
392 3366 454 3467 qul
474 3384 640 3465 poterunt
653 3364 768 3439 vivere
789 3365 827 3438 in
841 3362 1063 3457 hispflammis
1136 3444 1140 3461 ¹

176 3461 609 3556 uermesaut'vermiculi?
631 3483 697 3535 nec
711 3461 824 3535 vivere
838 3455 1060 3553 tantumsed
1092 3528 1103 3541 .

174 3554 394 3657 ‘immortales
406 3556 473 3637 else
498 3552 785 3657 quodammodo;
810 3557 864 3631 vel
888 3556 1058 3658 singulos,

43 3710 48 3715 ·
183 3656 243 3731 vel
256 3657 294 3732 in
306 3657 370 3733 sud
385 3656 584 3771 progenie,
606 3653 881 3755 qmndoquidem
897 3677 1058 3730 nonnun-

185 3776 290 3851 quam
305 3777 395 3841 mon¹
411 3751 586 3839 dicantur.
630 3752 792 3848 Denique
813 3750 964 3850 ipsorum
979 3750 1057 3829 Da·

184 3873 384 3927 mmmmm
405 3873 553 3947 corporo
572 3848 852 3949 qualiacunque,
888 3846 1005 3924 saltem
1028 3845 1059 3922 li

174 3944 381 4046 ‘composta
393 3947 461 4023 sint
474 3948 511 4024 &
524 3946 708 4047 organica,
730 3944 804 4060 pati
824 3969 896 4022 non
917 3944 1058 4047 possunt

185 4045 303 4145 ignem
318 4064 488 4122 aeternum
506 4042 577 4121 line
593 4040 827 4119 dissolutione:
843 4066 908 4121 nec
922 4038 1061 4117 durabit

734 4137 825 4239 Q
1024 4137 1061 4212 in
